@article{PhysRevLett.79.523,
	title = {Role of Intermittency in Urban Development: A Model of Large-Scale City Formation},
	author = {Zanette, Dami\'an H. and Manrubia, Susanna C.},
	journal = {Phys. Rev. Lett.},
	volume = {79},
	issue = {3},
	pages = {523--526},
	numpages = {0},
	year = {1997},
	month = {Jul},
	publisher = {American Physical Society},
	doi = {10.1103/PhysRevLett.79.523},
	url = {https://link.aps.org/doi/10.1103/PhysRevLett.79.523},
}
@article{PhysRevE.97.022132,
	title = {Short-ranged memory model with preferential growth},
	author = {Schaigorodsky, Ana L. and Perotti, Juan I. and Almeira, Nahuel and Billoni, Orlando V.},
	journal = {Phys. Rev. E},
	volume = {97},
	issue = {2},
	pages = {022132},
	numpages = {9},
	year = {2018},
	month = {Feb},
	publisher = {American Physical Society},
	doi = {10.1103/PhysRevE.97.022132},
	url = {https://link.aps.org/doi/10.1103/PhysRevE.97.022132}
}
@article{manoli2019magnitude,
	title={Magnitude of urban heat islands largely explained by climate and population},
	author={Manoli, Gabriele and Fatichi, Simone and Schl{\"a}pfer, Markus and Yu, Kailiang and Crowther, Thomas W and Meili, Naika and Burlando, Paolo and Katul, Gabriel G and Bou-Zeid, Elie},
	journal={Nature},
	volume={573},
	number={7772},
	pages={55--60},
	year={2019},
	publisher={Nature Publishing Group}
}
@article{PhysRevLett.120.108701,
	title = {Role of City Texture in Urban Heat Islands at Nighttime},
	author = {Sobstyl, J. M. and Emig, T. and Qomi, M. J. Abdolhosseini and Ulm, F.-J. and Pellenq, R. J.-M.},
	journal = {Phys. Rev. Lett.},
	volume = {120},
	issue = {10},
	pages = {108701},
	numpages = {6},
	year = {2018},
	month = {Mar},
	publisher = {American Physical Society},
	doi = {10.1103/PhysRevLett.120.108701},
	url = {https://link.aps.org/doi/10.1103/PhysRevLett.120.108701}
}
@article{doi:10.1111/j.1468-2427.2011.01092.x,
	author = {MARTINEZ-FERNANDEZ, CRISTINA and AUDIRAC, IVONNE and FOL, SYLVIE and CUNNINGHAM-SABOT, EMMANUÈLE},
	title = {Shrinking Cities: Urban Challenges of Globalization},
	journal = {International Journal of Urban and Regional Research},
	
	volume = {36},
	number = {2},
	pages = {213-225},
	keywords = {Shrinking cities, globalization, urban decline France Brazil Australia US Japan},
	doi = {10.1111/j.1468-2427.2011.01092.x},
	url = {https://onlinelibrary.wiley.com/doi/abs/10.1111/j.1468-2427.2011.01092.x},
	eprint = {https://onlinelibrary.wiley.com/doi/pdf/10.1111/j.1468-2427.2011.01092.x}
}
@article{doi:10.1068/a46269,
	author = {Annegret Haase and Dieter Rink and Katrin Grossmann and Matthias Bernt and Vlad Mykhnenko},
	title ={Conceptualizing Urban Shrinkage},
	journal = {Environment and Planning A: Economy and Space},
	volume = {46},
	number = {7},
	pages = {1519-1534},
	year = {2014},
	doi = {10.1068/a46269},
	
	URL = {https://doi.org/10.1068/a46269}
}
@article{PhysRevLett.79.523,
	title = {Role of Intermittency in Urban Development: A Model of Large-Scale City Formation},
	author = {Zanette, Dami\'an H. and Manrubia, Susanna C.},
	journal = {Phys. Rev. Lett.},
	volume = {79},
	issue = {3},
	pages = {523--526},
	numpages = {0},
	year = {1997},
	month = {Jul},
	publisher = {American Physical Society},
	doi = {10.1103/PhysRevLett.79.523},
	url = {https://link.aps.org/doi/10.1103/PhysRevLett.79.523},
}
@article{RevModPhys.87.925,
  title = {Epidemic processes in complex networks},
  author = {Pastor-Satorras, Romualdo and Castellano, Claudio and Van Mieghem, Piet and Vespignani, Alessandro},
  journal = {Rev. Mod. Phys.},
  volume = {87},
  issue = {3},
  pages = {925--979},
  numpages = {55},
  year = {2015},
  month = {Aug},
  publisher = {American Physical Society},
  doi = {10.1103/RevModPhys.87.925},
  url = {https://link.aps.org/doi/10.1103/RevModPhys.87.925}
}
@article{bassolas2019hierarchical,
  title={Hierarchical organization of urban mobility and its connection with city livability},
  author={Bassolas, Aleix and Barbosa-Filho, Hugo and Dickinson, Brian and Dotiwalla, Xerxes and Eastham, Paul and Gallotti, Riccardo and Ghoshal, Gourab and Gipson, Bryant and Hazarie, Surendra A and Kautz, Henry and others},
  journal={Nature communications},
  volume={10},
  number={1},
  pages={1--10},
  year={2019},
  publisher={Nature Publishing Group}
}
@article{gabaix1999zipf's,
	title = {Zipf's Law for Cities: An Explanation},
	author = {Gabaix, Xavier},
	journal = {Quarterly Journal of Economics},
	volume = {114},
	number = {3},
	pages = {739--767},
	year = {1999},
}

@article{clark1951urban,
	title = {Urban population densities},
	author = {Clark, Colin},
	journal = {Journal of the Royal Statistical Society},
	volume = {114},
	number = {4},
	pages = {490--496},
	year = {1951},
}

@article{PhysRevX.4.011008,
	title = {Spatially Distributed Social Complex Networks},
	author = {Frasco, Gerald F. and Sun, Jie and Rozenfeld, Hern\'an D. and ben-Avraham, Daniel},
	journal = {Phys. Rev. X},
	volume = {4},
	issue = {1},
	pages = {011008},
	numpages = {9},
	year = {2014},
	month = {Jan},
	publisher = {American Physical Society},
	doi = {10.1103/PhysRevX.4.011008},
	url = {https://link.aps.org/doi/10.1103/PhysRevX.4.011008},
}
@article{Li2017Simple,
	title = {Simple spatial scaling rules behind complex cities},
	author = {Li, Ruiqi and Dong, Lei and Zhang, Jiang and Wang, Xinran and Wang, Wen Xu and Di, Zengru and Stanley, H.
	          Eugene},
	journal = {Nature Communications},
	volume = {8},
	number = {1},
	pages = {1841},
	year = {2017},
}
@article{batty1992form,
	title = {Form follows function: reformulating urban population density functions},
	author = {Batty, Michael and Sik Kim, Kwang},
	journal = {Urban studies},
	volume = {29},
	number = {7},
	pages = {1043--1069},
	year = {1992},
	publisher = {Sage Publications Sage UK: London, England},
}
@article{yule1925ii,
	title = {Ii.—a mathematical theory of evolution, based on the conclusions of dr. jc willis, fr s},
	author = {Yule, George Udny},
	journal = {Philosophical transactions of the Royal Society of London. Series B, containing papers of a biological
	           character},
	volume = {213},
	number = {402-410},
	pages = {21--87},
	year = {1925},
	publisher = {The Royal Society London},
}
@article{gabaix1999zipf's,
	title = {Zipf's Law for Cities: An Explanation},
	author = {Gabaix, Xavier},
	journal = {Quarterly Journal of Economics},
	volume = {114},
	number = {3},
	pages = {739--767},
	year = {1999},
}
@book{durrett1999essentials,
	title = {Essentials of stochastic processes},
	author = {Durrett, Richard and Durrett, R},
	volume = {1},
	year = {1999},
	publisher = {Springer},
}
@article{clark1951urban,
	title = {Urban population densities},
	author = {Clark, Colin},
	journal = {Journal of the Royal Statistical Society},
	volume = {114},
	number = {4},
	pages = {490--496},
	year = {1951},
}
@article{WANG2019121921,
	title = "An extended exploration and preferential return model for human mobility simulation at individual and
	         collective levels",
	journal = "Physica A: Statistical Mechanics and its Applications",
	volume = "534",
	pages = "121921",
	year = "2019",
	issn = "0378-4371",
	doi = "https://doi.org/10.1016/j.physa.2019.121921",
	url = "http://www.sciencedirect.com/science/article/pii/S037843711931129X",
	author = "Jianying Wang and Lei Dong and Ximeng Cheng and Weijun Yang and Yu Liu",
}