@article{clark1951urban,
	title = {Urban population densities},
	author = {Clark, Colin},
	journal = {Journal of the Royal Statistical Society},
	volume = {114},
	number = {4},
	pages = {490--496},
	year = {1951},
}
@article{griffith1981modelling,
	title = {Modelling urban population density in a multi-centered city},
	author = {Griffith, Daniel A},
	journal = {Journal of urban economics},
	volume = {9},
	number = {3},
	pages = {298--310},
	year = {1981},
	publisher = {Elsevier},
}
@article{haase2008urban,
	title={Urban ecology of shrinking cities: an unrecognized opportunity?},
	author={Haase, Dagmar},
	journal={Nature and Culture},
	volume={3},
	number={1},
	pages={1--8},
	year={2008},
	publisher={Berghahn Journals}
}
@article{kohler2017greater,
	title={Greater post-Neolithic wealth disparities in Eurasia than in North America and Mesoamerica},
	author={Kohler, Timothy A and Smith, Michael E and Bogaard, Amy and Feinman, Gary M and Peterson, Christian E and Betzenhauser, Alleen and Pailes, Matthew and Stone, Elizabeth C and Prentiss, Anna Marie and Dennehy, Timothy J and others},
	journal={Nature},
	volume={551},
	number={7682},
	pages={619},
	year={2017},
	publisher={Nature Publishing Group}
}
@article{doi:10.1086/701789,
	author = {Bowles, Samuel and Choi, Jung-Kyoo},
	title = {The Neolithic Agricultural Revolution and the Origins of Private Property},
	journal = {Journal of Political Economy},
	volume = {127},
	number = {5},
	pages = {2186-2228},
	year = {2019},
	doi = {10.1086/701789}
}
@article{bowles2019neolithic,
  title={The Neolithic Agricultural Revolution and the Origin of Private Property},
  author={Bowles, Samuel and Choi, Jung-Kyoo},
  year={2019}
}
@article{PhysRevX.4.011008,
	title = {Spatially Distributed Social Complex Networks},
	author = {Frasco, Gerald F. and Sun, Jie and Rozenfeld, Hern\'an D. and ben-Avraham, Daniel},
	journal = {Phys. Rev. X},
	volume = {4},
	issue = {1},
	pages = {011008},
	numpages = {9},
	year = {2014},
	month = {Jan},
	publisher = {American Physical Society},
	doi = {10.1103/PhysRevX.4.011008},
	url = {https://link.aps.org/doi/10.1103/PhysRevX.4.011008},
}
@article{merity2009accurate,
	title = {Accurate argumentative zoning with maximum entropy models},
	author = {Merity, Stephen and Murphy, Tara and Curran, James R},
	booktitle = {Proceedings of the 2009 Workshop on Text and Citation Analysis for Scholarly Digital Libraries (
	             NLPIR4DL)},
	pages = {19--26},
	year = {2009},
}