@article{marsili1998interacting,
	title={Interacting individuals leading to Zipf's law},
	author={Marsili, Matteo and Zhang, Yi-Cheng},
	journal={Physical review letters},
	volume={80},
	number={12},
	pages={2741},
	year={1998},
	publisher={APS}
}
@article{rybski2013distance,
	title={Distance-weighted city growth},
	author={Rybski, Diego and Ros, Anselmo Garcia Cantu and Kropp, J{\"u}rgen P},
	journal={Physical Review E},
	volume={87},
	number={4},
	pages={042114},
	year={2013},
	publisher={APS}
}
@article{PhysRevE.55.R3817,
	title = {Quasispecies evolution of finite populations},
	author = {Zhang, Yi-Cheng},
	journal = {Phys. Rev. E},
	volume = {55},
	issue = {4},
	pages = {R3817--R3819},
	numpages = {0},
	year = {1997},
	month = {Apr},
	publisher = {American Physical Society},
	doi = {10.1103/PhysRevE.55.R3817},
	url = {https://link.aps.org/doi/10.1103/PhysRevE.55.R3817}
}
@incollection{gabaix2004evolution,
	title={The evolution of city size distributions},
	author={Gabaix, Xavier and Ioannides, Yannis M},
	booktitle={Handbook of regional and urban economics},
	volume={4},
	pages={2341--2378},
	year={2004},
	publisher={Elsevier}
}
@article{silverman2018rethinking,
	title={Rethinking shrinking cities: Peripheral dual cities have arrived},
	author={Silverman, Robert Mark},
	journal={Journal of Urban Affairs},
	pages={1--18},
	year={2018},
	publisher={Taylor \& Francis}
}
@article{kleinberg2000navigation,
	title={Navigation in a small world},
	author={Kleinberg, Jon M},
	journal={Nature},
	volume={406},
	number={6798},
	pages={845--845},
	year={2000},
	publisher={Nature Publishing Group}
}
@article{PhysRevE.58.7054,
	title = {Modeling urban growth patterns with correlated percolation},
	author = {Makse, Hern\'an A. and Andrade, Jos\'e S. and Batty, Michael and Havlin, Shlomo and Stanley, H. Eugene},
	journal = {Phys. Rev. E},
	volume = {58},
	issue = {6},
	pages = {7054--7062},
	numpages = {0},
	year = {1998},
	month = {Dec},
	publisher = {American Physical Society},
	doi = {10.1103/PhysRevE.58.7054},
	url = {https://link.aps.org/doi/10.1103/PhysRevE.58.7054}
}
@article{makse1995modelling,
	title={Modelling urban growth patterns},
	author={Makse, Hern{\'a}n A and Havlin, Shlomo and Stanley, H Eugene},
	journal={Nature},
	volume={377},
	number={6550},
	pages={608--612},
	year={1995},
	publisher={Nature Publishing Group}
}
@article{anas1998urban,
	title={Urban spatial structure},
	author={Anas, Alex and Arnott, Richard and Small, Kenneth A},
	journal={Journal of economic literature},
	volume={36},
	number={3},
	pages={1426--1464},
	year={1998},
	publisher={JSTOR}
}
@article{PhysRevLett.79.523,
	title = {Role of Intermittency in Urban Development: A Model of Large-Scale City Formation},
	author = {Zanette, Dami\'an H. and Manrubia, Susanna C.},
	journal = {Phys. Rev. Lett.},
	volume = {79},
	issue = {3},
	pages = {523--526},
	numpages = {0},
	year = {1997},
	month = {Jul},
	publisher = {American Physical Society},
	doi = {10.1103/PhysRevLett.79.523},
	url = {https://link.aps.org/doi/10.1103/PhysRevLett.79.523}
}
@article{roth2011structure,
  title={Structure of urban movements: polycentric activity and entangled hierarchical flows},
  author={Roth, Camille and Kang, Soong Moon and Batty, Michael and Barth{\'e}lemy, Marc},
  journal={PloS one},
  volume={6},
  number={1},
  year={2011},
  publisher={Public Library of Science}
}
@article{schaigorodsky2018short,
	title={Short-ranged memory model with preferential growth},
	author={Schaigorodsky, Ana L and Perotti, Juan I and Almeira, Nahuel and Billoni, Orlando V},
	journal={Physical Review E},
	volume={97},
	number={2},
	pages={022132},
	year={2018},
	publisher={APS}
}
@article{becker1999population,
  title={Population and economic growth},
  author={Becker, Gary S and Glaeser, Edward L and Murphy, Kevin M},
  journal={American Economic Review},
  volume={89},
  number={2},
  pages={145--149},
  year={1999}
}
@misc{smith1937wealth,
  title={The wealth of nations [1776]},
  author={Smith, Adam},
  year={1937},
  publisher={na}
}
@misc{fujita1999spatial,
  title={The spatial economy: Cities, regions, and international trade},
  author={Fujita, Masahisa and Krugman, Paul R and Venables, Anthony},
  year={1999},
  publisher={MIT press}
}
@article{pan2013urban,
  title={Urban characteristics attributable to density-driven tie formation},
  author={Pan, Wei and Ghoshal, Gourab and Krumme, Coco and Cebrian, Manuel and Pentland, Alex},
  journal={Nature communications},
  volume={4},
  pages={1961},
  year={2013},
  publisher={Nature Publishing Group}
}
@book{batty2007cities,
  title={Cities and complexity: understanding cities with cellular automata, agent-based models, and fractals},
  author={Batty, Michael},
  year={2007},
  publisher={The MIT press}
}
@book{batty1994fractal,
	title={Fractal cities: a geometry of form and function},
	author={Batty, Michael and Longley, Paul A},
	year={1994},
	publisher={Academic press}
}
@article{batty1991generating,
	title={Generating urban forms from diffusive growth},
	author={Batty, Michael},
	journal={Environment and Planning A},
	volume={23},
	number={4},
	pages={511--544},
	year={1991},
	publisher={SAGE Publications Sage UK: London, England}
}
@article{parris2003characterizing,
	title={Characterizing a sustainability transition: Goals, targets, trends, and driving forces},
	author={Parris, Thomas M and Kates, Robert W},
	journal={Proceedings of the National Academy of Sciences},
	volume={100},
	number={14},
	pages={8068--8073},
	year={2003},
	publisher={National Acad Sciences}
}
@article {Glaeser592,
	author = {Glaeser, Edward},
	title = {Cities, Productivity, and Quality of Life},
	volume = {333},
	number = {6042},
	pages = {592--594},
	year = {2011},
	doi = {10.1126/science.1209264},
	publisher = {American Association for the Advancement of Science},
	issn = {0036-8075},
	URL = {https://science.sciencemag.org/content/333/6042/592},
	eprint = {https://science.sciencemag.org/content/333/6042/592.full.pdf},
	journal = {Science}
}
@incollection{atkinson2012urban,
  title={Urban Governance and Competitiveness: Improving ‘urban attractiveness’},
  author={Atkinson, Rob},
  booktitle={Regieren},
  pages={297--312},
  year={2012},
  publisher={Springer}
}
@article{batty2008size,
  title={The size, scale, and shape of cities},
  author={Batty, Michael},
  journal={science},
  volume={319},
  number={5864},
  pages={769--771},
  year={2008},
  publisher={American Association for the Advancement of Science}
}
@book{boeing2017structure,
  title={The Structure and Dynamics of Cities: Urban Data Analysis and Theoretical Modeling, by Marc Barthelemy: (2017). Cambridge, UK: Cambridge University Press. 278 pages. },
  author={Boeing, Geoff},
  year={2017},
  publisher={Taylor \& Francis}
}
@article{bettencourt2010unified,
  title={A unified theory of urban living},
  author={Bettencourt, Luis and West, Geoffrey},
  journal={Nature},
  volume={467},
  number={7318},
  pages={912},
  year={2010},
  publisher={Nature Publishing Group}
}
@book{angel2005dynamics,
  title={The dynamics of global urban expansion},
  author={Angel, Shlomo and Sheppard, Stephen and Civco, Daniel L and Buckley, Robert and Chabaeva, Anna and Gitlin, Lucy and Kraley, Alison and Parent, Jason and Perlin, Micah},
  year={2005},
  publisher={Citeseer}
}
@book{portugali2011complexity,
  title={Complexity, cognition and the city},
  author={Portugali, Juval},
  year={2011},
  publisher={Springer Science \& Business Media}
}
@article{court2013origins,
  title={The origins of scaling in cities},
  author={Bettencourt, Lu{\'\i}s MA},
  journal={science},
  volume={340},
  number={6139},
  pages={1438--1441},
  year={2013},
  publisher={American Association for the Advancement of Science}
}
@article{batty2019urbanscalinglaw,
author = {Diego Rybski and Elsa Arcaute and Michael Batty},
title ={Urban scaling laws},
journal = {Environment and Planning B: Urban Analytics and City Science},
volume = {46},
number = {9},
pages = {1605-1610},
year = {2019},
doi = {10.1177/2399808319886125},
}
@article{Li2016,
	author="Li, Xuecao
	and Gong, Peng",
	title="Urban growth models: progress and perspective",
	journal="Science Bulletin",
	year="2016",
	month="Nov",
	day="01",
	volume="61",
	number="21",
	pages="1637--1650",
	issn="2095-9281",
	doi="10.1007/s11434-016-1111-1",
	url="https://doi.org/10.1007/s11434-016-1111-1"
}
@article{PhysRevE.90.042815,
	title = {Zipf's law in city size from a resource utilization model},
	author = {Ghosh, Asim and Chatterjee, Arnab and Chakrabarti, Anindya S. and Chakrabarti, Bikas K.},
	journal = {Phys. Rev. E},
	volume = {90},
	issue = {4},
	pages = {042815},
	numpages = {7},
	year = {2014},
	month = {Oct},
	publisher = {American Physical Society},
	doi = {10.1103/PhysRevE.90.042815},
	url = {https://link.aps.org/doi/10.1103/PhysRevE.90.042815}
}
@article{schweitzer1998estimation,
	title={Estimation of megacity growth: simple rules versus complex phenomena},
	author={Schweitzer, Frank and Steinbrink, Jens},
	journal={Applied Geography},
	volume={18},
	number={1},
	pages={69--81},
	year={1998},
	publisher={Elsevier}
}
@article{zipf1949human,
  title={Human behavior and the principle of least effort.},
  author={Zipf, George Kingsley},
  year={1949},
  publisher={addison-wesley press}
}
@article{bettencourt2007growth,
  title={Growth, innovation, scaling, and the pace of life in cities},
  author={Bettencourt, Lu{\'\i}s MA and Lobo, Jos{\'e} and Helbing, Dirk and K{\"u}hnert, Christian and West, Geoffrey B},
  journal={Proceedings of the national academy of sciences},
  volume={104},
  number={17},
  pages={7301--7306},
  year={2007},
  publisher={National Acad Sciences}
}
@article{girardin2009quantifying,
  title={Quantifying urban attractiveness from the distribution and density of digital footprints},
  author={Girardin, Fabien and Vaccari, Andrea and Gerber, Alexander and Biderman, Assaf and Ratti, Carlo},
  year={2009},
  journal={International Journal of Spatial Data Infrastructures Research},
  publisher={Joint Research Centre of the European Commission}
}
@article{batty1971modelling,
  title={Modelling cities as dynamic systems},
  author={Batty, Michael},
  journal={Nature},
  volume={231},
  number={5303},
  pages={425},
  year={1971},
  publisher={Nature Publishing Group}
}
@article{gu2001social,
  title={Social polarization and segregation in Beijing},
  author={Gu, Chao-lin},
  journal={Chinese Geographical Science},
  volume={11},
  number={1},
  pages={17},
  year={2001},
  publisher={Springer}
}
@article{doi:10.1177/0042098010396239,
author = {Yanliu Lin and Bruno de Meulder and Shifu Wang},
title ={Understanding the ‘Village in the City’ in Guangzhou: Economic Integration and Development Issue and their Implications for the Urban Migrant},
journal = {Urban Studies},
volume = {48},
number = {16},
pages = {3583-3598},
year = {2011},
doi = {10.1177/0042098010396239},
URL = {https://doi.org/10.1177/0042098010396239}
}
@article {Liu1258832,
	author = {Liu, Jianguo and Mooney, Harold and Hull, Vanessa and Davis, Steven J. and Gaskell, Joanne and Hertel, Thomas and Lubchenco, Jane and Seto, Karen C. and Gleick, Peter and Kremen, Claire and Li, Shuxin},
	title = {Systems integration for global sustainability},
	volume = {347},
	number = {6225},
	elocation-id = {1258832},
	year = {2015},
	doi = {10.1126/science.1258832},
	publisher = {American Association for the Advancement of Science},
	issn = {0036-8075},
	URL = {https://science.sciencemag.org/content/347/6225/1258832},
	journal = {Science}
}
@article{miles1970homogeneous,
  title={On the homogeneous planar Poisson point process},
  author={Miles, Roger E},
  journal={Mathematical Biosciences},
  volume={6},
  pages={85--127},
  year={1970},
  publisher={Elsevier}
}
@article{hu2008urban,
  title={Urban traffic from the perspective of dual graph},
  author={Hu, M-B and Jiang, Rui and Wu, Y-H and Wang, W-X and Wu, Q-S},
  journal={The European Physical Journal B},
  volume={63},
  number={1},
  pages={127--133},
  year={2008},
  publisher={Springer}
}
@article{foster2010communities,
  title={Communities, clustering phase transitions, and hysteresis: Pitfalls in constructing network ensembles},
  author={Foster, David and Foster, Jacob and Paczuski, Maya and Grassberger, Peter},
  journal={Physical Review E},
  volume={81},
  number={4},
  pages={046115},
  year={2010},
  publisher={APS}
}
@article{PhysRevE.97.022132,
	title = {Short-ranged memory model with preferential growth},
	author = {Schaigorodsky, Ana L. and Perotti, Juan I. and Almeira, Nahuel and Billoni, Orlando V.},
	journal = {Phys. Rev. E},
	volume = {97},
	issue = {2},
	pages = {022132},
	numpages = {9},
	year = {2018},
	month = {Feb},
	publisher = {American Physical Society},
	doi = {10.1103/PhysRevE.97.022132},
	url = {https://link.aps.org/doi/10.1103/PhysRevE.97.022132}
}
@article{Barabasi509,
	author = {Barab{\'a}si, Albert-L{\'a}szl{\'o} and Albert, R{\'e}ka},
	title = {Emergence of Scaling in Random Networks},
	volume = {286},
	number = {5439},
	pages = {509--512},
	year = {1999},
	doi = {10.1126/science.286.5439.509},
	publisher = {American Association for the Advancement of Science},
	issn = {0036-8075},
	url = {https://science.sciencemag.org/content/286/5439/509},
	journal = {Science},
}
@article{PhysRevE.65.037106,
  title = {Fractional Langevin model of memory in financial time series},
  author = {West, Bruce J. and Picozzi, Sergio},
  journal = {Phys. Rev. E},
  volume = {65},
  issue = {3},
  pages = {037106},
  numpages = {3},
  year = {2002},
  month = {Mar},
  publisher = {American Physical Society},
  doi = {10.1103/PhysRevE.65.037106},
  url = {https://link.aps.org/doi/10.1103/PhysRevE.65.037106}
}
@article{manoli2019magnitude,
	title={Magnitude of urban heat islands largely explained by climate and population},
	author={Manoli, Gabriele and Fatichi, Simone and Schl{\"a}pfer, Markus and Yu, Kailiang and Crowther, Thomas W and Meili, Naika and Burlando, Paolo and Katul, Gabriel G and Bou-Zeid, Elie},
	journal={Nature},
	volume={573},
	number={7772},
	pages={55--60},
	year={2019},
	publisher={Nature Publishing Group}
}
@article{PhysRevLett.120.108701,
	title = {Role of City Texture in Urban Heat Islands at Nighttime},
	author = {Sobstyl, J. M. and Emig, T. and Qomi, M. J. Abdolhosseini and Ulm, F.-J. and Pellenq, R. J.-M.},
	journal = {Phys. Rev. Lett.},
	volume = {120},
	issue = {10},
	pages = {108701},
	numpages = {6},
	year = {2018},
	month = {Mar},
	publisher = {American Physical Society},
	doi = {10.1103/PhysRevLett.120.108701},
	url = {https://link.aps.org/doi/10.1103/PhysRevLett.120.108701}
}
@article{martinez2012shrinking,
  title={Shrinking cities: Urban challenges of globalization},
  author={Martinez-Fernandez, Cristina and Audirac, Ivonne and Fol, Sylvie and Cunningham-Sabot, Emmanu{\`e}le},
  journal={International journal of urban and regional research},
  volume={36},
  number={2},
  pages={213--225},
  year={2012},
  publisher={Wiley Online Library}
}
@article{haase2014conceptualizing,
  title={Conceptualizing urban shrinkage},
  author={Haase, Annegret and Rink, Dieter and Grossmann, Katrin and Bernt, Matthias and Mykhnenko, Vlad},
  journal={Environment and Planning A},
  volume={46},
  number={7},
  pages={1519--1534},
  year={2014},
  publisher={SAGE Publications Sage UK: London, England}
}
@article{RevModPhys.87.925,
  title = {Epidemic processes in complex networks},
  author = {Pastor-Satorras, Romualdo and Castellano, Claudio and Van Mieghem, Piet and Vespignani, Alessandro},
  journal = {Rev. Mod. Phys.},
  volume = {87},
  issue = {3},
  pages = {925--979},
  numpages = {55},
  year = {2015},
  month = {Aug},
  publisher = {American Physical Society},
  doi = {10.1103/RevModPhys.87.925},
  url = {https://link.aps.org/doi/10.1103/RevModPhys.87.925}
}
@article{bassolas2019hierarchical,
  title={Hierarchical organization of urban mobility and its connection with city livability},
  author={Bassolas, Aleix and Barbosa-Filho, Hugo and Dickinson, Brian and Dotiwalla, Xerxes and Eastham, Paul and Gallotti, Riccardo and Ghoshal, Gourab and Gipson, Bryant and Hazarie, Surendra A and Kautz, Henry and others},
  journal={Nature communications},
  volume={10},
  number={1},
  pages={1--10},
  year={2019},
  publisher={Nature Publishing Group}
}
@article{gabaix1999zipf's,
	title = {Zipf's Law for Cities: An Explanation},
	author = {Gabaix, Xavier},
	journal = {Quarterly Journal of Economics},
	volume = {114},
	number = {3},
	pages = {739--767},
	year = {1999},
}

@article{clark1951urban,
	title = {Urban population densities},
	author = {Clark, Colin},
	journal = {Journal of the Royal Statistical Society},
	volume = {114},
	number = {4},
	pages = {490--496},
	year = {1951},
}

@article{PhysRevX.4.011008,
	title = {Spatially Distributed Social Complex Networks},
	author = {Frasco, Gerald F. and Sun, Jie and Rozenfeld, Hern\'an D. and ben-Avraham, Daniel},
	journal = {Phys. Rev. X},
	volume = {4},
	issue = {1},
	pages = {011008},
	numpages = {9},
	year = {2014},
	month = {Jan},
	publisher = {American Physical Society},
	doi = {10.1103/PhysRevX.4.011008},
	url = {https://link.aps.org/doi/10.1103/PhysRevX.4.011008},
}
@article{louf2014congestion,
	title={How congestion shapes cities: from mobility patterns to scaling},
	author={Louf, R{\'e}mi and Barthelemy, Marc},
	journal={Scientific reports},
	volume={4},
	number={1},
	pages={1--9},
	year={2014},
	publisher={Nature Publishing Group}
}
@article{fujita1976spatial,
	title={Spatial patterns of urban growth: Optimum and market},
	author={Fujita, Masahisa},
	journal={Journal of Urban Economics},
	volume={3},
	number={3},
	pages={209--241},
	year={1976},
	publisher={Elsevier}
}
@article{ccolak2016understanding,
	title={Understanding congested travel in urban areas},
	author={{\c{C}}olak, Serdar and Lima, Antonio and Gonz{\'a}lez, Marta C},
	journal={Nature communications},
	volume={7},
	number={1},
	pages={1--8},
	year={2016},
	publisher={Nature Publishing Group}
}
@article{Li2017Simple,
	title = {Simple spatial scaling rules behind complex cities},
	author = {Li, Ruiqi and Dong, Lei and Zhang, Jiang and Wang, Xinran and Wang, Wen Xu and Di, Zengru and Stanley, H.
	          Eugene},
	journal = {Nature Communications},
	volume = {8},
	number = {1},
	pages = {1841},
	year = {2017},
}
@article{batty1992form,
	title = {Form follows function: reformulating urban population density functions},
	author = {Batty, Michael and Sik Kim, Kwang},
	journal = {Urban studies},
	volume = {29},
	number = {7},
	pages = {1043--1069},
	year = {1992},
	publisher = {Sage Publications Sage UK: London, England},
}
@article{yule1925ii,
	title = {A mathematical theory of evolution, based on the conclusions of Dr. Willis, fr s},
	author = {Yule, George Udny},
	journal = {Philosophical transactions of the Royal Society of London. Series B, containing papers of a biological
	           character},
	volume = {213},
	number = {402-410},
	pages = {21--87},
	year = {1925},
	publisher = {The Royal Society London},
}
@book{durrett1999essentials,
	title = {Essentials of stochastic processes},
	author = {Durrett, Richard and Durrett, R},
	volume = {1},
	year = {1999},
	publisher = {Springer},
}
@article{WANG2019121921,
	title = "An extended exploration and preferential return model for human mobility simulation at individual and
	         collective levels",
	journal = "Physica A: Statistical Mechanics and its Applications",
	volume = "534",
	pages = "121921",
	year = "2019",
	issn = "0378-4371",
	doi = "https://doi.org/10.1016/j.physa.2019.121921",
	url = "http://www.sciencedirect.com/science/article/pii/S037843711931129X",
	author = "Jianying Wang and Lei Dong and Ximeng Cheng and Weijun Yang and Yu Liu",
}
@article{rooney2006structural,
	title={Structural asymmetry and the stability of diverse food webs},
	author={Rooney, Neil and McCann, Kevin and Gellner, Gabriel and Moore, John C},
	journal={Nature},
	volume={442},
	number={7100},
	pages={265--269},
	year={2006},
	publisher={Nature Publishing Group}
}
@book{batty2013new,
  title={The new science of cities},
  author={Batty, Michael},
  year={2013},
  publisher={Mit Press}
}
@article{doi:10.1137/0150099,
author = {Britton, N. F.},
title = {Spatial Structures and Periodic Travelling Waves in an Integro-Differential Reaction-Diffusion Population Model},
journal = {SIAM Journal on Applied Mathematics},
volume = {50},
number = {6},
pages = {1663-1688},
year = {1990},
doi = {10.1137/0150099},
URL = {https://doi.org/10.1137/0150099}
}