@article{doi:10.1086/701789,
author = {Bowles, Samuel and Choi, Jung-Kyoo},
title = {The Neolithic Agricultural Revolution and the Origins of Private Property},
journal = {Journal of Political Economy},
volume = {127},
number = {5},
pages = {2186-2228},
year = {2019},
doi = {10.1086/701789}}
@article{kohler2017greater,
  title={Greater post-Neolithic wealth disparities in Eurasia than in North America and Mesoamerica},
  author={Kohler, Timothy A and Smith, Michael E and Bogaard, Amy and Feinman, Gary M and Peterson, Christian E and Betzenhauser, Alleen and Pailes, Matthew and Stone, Elizabeth C and Prentiss, Anna Marie and Dennehy, Timothy J and others},
  journal={Nature},
  volume={551},
  number={7682},
  pages={619},
  year={2017},
  publisher={Nature Publishing Group}
}
@article{haase2008urban,
  title={Urban ecology of shrinking cities: an unrecognized opportunity?},
  author={Haase, Dagmar},
  journal={Nature and Culture},
  volume={3},
  number={1},
  pages={1--8},
  year={2008},
  publisher={Berghahn Journals}
}