@FOOTNOTE{Note1,key="Note1",note="Yule model is originally based on the observation of older genus and species tend to have existed longer"}
@CONTROL{REVTEX42Control}
@CONTROL{apsrev42Control,author="08",editor="1",pages="0",title="0",year="1"}
