@FOOTNOTE{Note1,key="Note1",note="Yule model is originally based on the observation of older genus and species tend to have existed longer"}
